<?xml version="1.0" encoding="UTF-8"?><record xmlns="http://www.loc.gov/MARC21/slim" xmlns:cinclude="http://apache.org/cocoon/include/1.0" xmlns:zs="http://www.loc.gov/zing/srw/">
  <leader>00913cz  a2200205n  4500</leader>
  <controlfield tag="001">nr 95022582 </controlfield>
  <controlfield tag="003">DLC</controlfield>
  <controlfield tag="005">20080917082208.0</controlfield>
  <controlfield tag="008">950619n| acannaabn          |b aaa      </controlfield>
  <datafield tag="010" ind1=" " ind2=" ">
    <subfield code="a">nr 95022582 </subfield>
  </datafield>
  <datafield tag="035" ind1=" " ind2=" ">
    <subfield code="a">(OCoLC)oca03861531</subfield>
  </datafield>
  <datafield tag="040" ind1=" " ind2=" ">
    <subfield code="a">DLC-R</subfield>
    <subfield code="b">eng</subfield>
    <subfield code="c">DLC-R</subfield>
    <subfield code="d">OCoLC</subfield>
  </datafield>
  <datafield tag="100" ind1="1" ind2=" ">
    <subfield code="a">Yokozawa, Toshimasa,</subfield>
    <subfield code="d">1941-</subfield>
  </datafield>
  <datafield tag="400" ind1="1" ind2=" ">
    <subfield code="a">横沢利昌,</subfield>
    <subfield code="d">1941-</subfield>
  </datafield>
  <datafield tag="400" ind1="1" ind2=" ">
    <subfield code="a">横澤利昌,</subfield>
    <subfield code="d">1941-</subfield>
  </datafield>
  <datafield tag="667" ind1=" " ind2=" ">
    <subfield code="a">Machine-derived non-Latin script reference project.</subfield>
  </datafield>
  <datafield tag="667" ind1=" " ind2=" ">
    <subfield code="a">Non-Latin script references not evaluated.</subfield>
  </datafield>
  <datafield tag="670" ind1=" " ind2=" ">
    <subfield code="a">Hosupitariti to firansoropī, 1994:</subfield>
    <subfield code="b">t.p. (Yokozawa Toshimasa) colophon (r; dir., Jissen Keiei Gakkai; formerly prof., Ajia Daigaku Keiei Gakubu; guest prof., British Colombia University)</subfield>
  </datafield>
  <datafield tag="670" ind1=" " ind2=" ">
    <subfield code="a">Zenkoku daigaku shokuinroku, shiritsu daigaku hen, 1992:</subfield>
    <subfield code="b">p. 327 (Yokozawa Toshimasa; 6/Shōwa 16)</subfield>
  </datafield>
  <datafield tag="675" ind1=" " ind2=" ">
    <subfield code="a">NDL choshamei, 1991;</subfield>
    <subfield code="a">Chosakuken daichō, 1988;</subfield>
    <subfield code="a">Kenkyūsha sōran, 1984.</subfield>
  </datafield>
</record>